<?xml version="1.0" encoding="UTF-8"?>
<collection>
  <record>
    <leader>01334cam a2200361 a 4500</leader>
    <controlfield tag="005">20200824142410.0</controlfield>
    <controlfield tag="008">991123s1999    bl       b    000 0 por  </controlfield>
    <controlfield tag="001">9929574203506421</controlfield>
    <datafield tag="010" ind1=" " ind2=" ">
      <subfield code="a">   00288090</subfield>
    </datafield>
    <datafield tag="020" ind1=" " ind2=" ">
      <subfield code="a">8586469173</subfield>
      <subfield code="0">(uri) http://www.isbnsearch.org/isbn/8586469173</subfield>
    </datafield>
    <datafield tag="035" ind1=" " ind2=" ">
      <subfield code="a">(OCoLC)43769421</subfield>
      <subfield code="0">(uri) http://www.worldcat.org/oclc/43769421</subfield>
    </datafield>
    <datafield tag="035" ind1=" " ind2=" ">
      <subfield code="a">(CStRLIN)DCLC00288090-B</subfield>
    </datafield>
    <datafield tag="035" ind1=" " ind2=" ">
      <subfield code="a">(CStRLIN)CTYAFMS6309-B</subfield>
    </datafield>
    <datafield tag="035" ind1=" " ind2=" ">
      <subfield code="a">(CtY)notisFMS6309</subfield>
    </datafield>
    <datafield tag="035" ind1=" " ind2=" ">
      <subfield code="9">CPJ9813TS</subfield>
    </datafield>
    <datafield tag="035" ind1=" " ind2=" ">
      <subfield code="a">2957420</subfield>
    </datafield>
    <datafield tag="035" ind1=" " ind2=" ">
      <subfield code="a">(NjP)2957420-princetondb</subfield>
    </datafield>
    <datafield tag="040" ind1=" " ind2=" ">
      <subfield code="a">DLC</subfield>
      <subfield code="c">DLC</subfield>
      <subfield code="d">DLC</subfield>
    </datafield>
    <datafield tag="042" ind1=" " ind2=" ">
      <subfield code="a">lcode</subfield>
    </datafield>
    <datafield tag="043" ind1=" " ind2=" ">
      <subfield code="a">s-bl---</subfield>
    </datafield>
    <datafield tag="050" ind1="0" ind2="0">
      <subfield code="a">HD1333.B6</subfield>
      <subfield code="b">S84 1999</subfield>
    </datafield>
    <datafield tag="082" ind1="0" ind2="0">
      <subfield code="a">333.7/1811</subfield>
      <subfield code="2">21</subfield>
    </datafield>
    <datafield tag="100" ind1="1" ind2=" ">
      <subfield code="a">Stédile, João Pedro.</subfield>
      <subfield code="0">http://id.loc.gov/authorities/names/n92033542</subfield>
    </datafield>
    <datafield tag="245" ind1="1" ind2="0">
      <subfield code="a">Brava gente :</subfield>
      <subfield code="b">a trajetória do MST e a luta pela terra no Brasil /</subfield>
      <subfield code="c">João Pedro Stedile, Bernardo Mançano Fernandes.</subfield>
    </datafield>
    <datafield tag="246" ind1="3" ind2="0">
      <subfield code="a">Trajetória do MST e a luta pela terra no Brasil</subfield>
    </datafield>
    <datafield tag="250" ind1=" " ind2=" ">
      <subfield code="a">1a. ed.</subfield>
    </datafield>
    <datafield tag="260" ind1=" " ind2=" ">
      <subfield code="a">São Paulo, SP, Brasil :</subfield>
      <subfield code="b">Editora Fundação Perseu Abramo,</subfield>
      <subfield code="c">1999.</subfield>
    </datafield>
    <datafield tag="300" ind1=" " ind2=" ">
      <subfield code="a">166, [1] p. ;</subfield>
      <subfield code="c">23 cm.</subfield>
    </datafield>
    <datafield tag="504" ind1=" " ind2=" ">
      <subfield code="a">Includes bibliographical references (p. [165]-[167]).</subfield>
    </datafield>
    <datafield tag="610" ind1="2" ind2="0">
      <subfield code="a">Movimento dos Trabalhadores Rurais sem Terra (Brazil)</subfield>
      <subfield code="x">History.</subfield>
    </datafield>
    <datafield tag="650" ind1=" " ind2="0">
      <subfield code="a">Land reform</subfield>
      <subfield code="z">Brazil</subfield>
      <subfield code="x">History</subfield>
      <subfield code="y">20th century.</subfield>
    </datafield>
    <datafield tag="700" ind1="1" ind2=" ">
      <subfield code="a">Fernandes, Bernardo Mançano.</subfield>
      <subfield code="0">http://id.loc.gov/authorities/names/n95920560</subfield>
    </datafield>
    <datafield tag="999" ind1=" " ind2=" ">
      <subfield code="a">2957420</subfield>
    </datafield>
    <datafield tag="902" ind1=" " ind2=" ">
      <subfield code="a">dws</subfield>
      <subfield code="b">l</subfield>
      <subfield code="6">a</subfield>
      <subfield code="7">m</subfield>
      <subfield code="d">v</subfield>
      <subfield code="f">1</subfield>
      <subfield code="e">20030318</subfield>
    </datafield>
    <datafield tag="950" ind1=" " ind2=" ">
      <subfield code="b">2020-12-02 09:24:18 US/Eastern</subfield>
      <subfield code="a">false</subfield>
    </datafield>
    <datafield tag="852" ind1="0" ind2="0">
      <subfield code="b">recap</subfield>
      <subfield code="c">pa</subfield>
      <subfield code="h">HD1333.B6</subfield>
      <subfield code="i">S84 1999</subfield>
      <subfield code="8">22107520220006421</subfield>
    </datafield>
    <datafield tag="952" ind1=" " ind2=" ">
      <subfield code="a">2020-12-02 14:24:18</subfield>
      <subfield code="8">22107520220006421</subfield>
      <subfield code="b">ReCAP</subfield>
      <subfield code="c">rcppa: RECAP</subfield>
      <subfield code="e">false</subfield>
    </datafield>
    <datafield tag="876" ind1=" " ind2=" ">
      <subfield code="0">22107520220006421</subfield>
      <subfield code="a">23107520210006421</subfield>
      <subfield code="j">1</subfield>
      <subfield code="z">pa</subfield>
      <subfield code="d">2020-12-02 14:24:18</subfield>
      <subfield code="p">32101082696012</subfield>
      <subfield code="t">1</subfield>
      <subfield code="y">recap</subfield>
    </datafield>
  </record>