
  <record>
    <leader>01087cam a2200337 a 4500</leader>
    <controlfield tag="005">20200824142410.0</controlfield>
    <controlfield tag="008">000121s1999    bl       b    000 0 por d</controlfield>
    <controlfield tag="001">9929574213506421</controlfield>
    <datafield tag="020" ind1=" " ind2=" ">
      <subfield code="a">8526804707</subfield>
      <subfield code="0">(uri) http://www.isbnsearch.org/isbn/8526804707</subfield>
    </datafield>
    <datafield tag="035" ind1=" " ind2=" ">
      <subfield code="a">(OCoLC)43826321</subfield>
      <subfield code="0">(uri) http://www.worldcat.org/oclc/43826321</subfield>
    </datafield>
    <datafield tag="035" ind1=" " ind2=" ">
      <subfield code="a">(CU)GLAD51074437</subfield>
    </datafield>
    <datafield tag="035" ind1=" " ind2=" ">
      <subfield code="a">(CStRLIN)CUBGGLAD51074437-B</subfield>
    </datafield>
    <datafield tag="035" ind1=" " ind2=" ">
      <subfield code="a">(CStRLIN)MNUGASQ9791-B</subfield>
    </datafield>
    <datafield tag="035" ind1=" " ind2=" ">
      <subfield code="a">(MNU)notisASQ9791</subfield>
    </datafield>
    <datafield tag="035" ind1=" " ind2=" ">
      <subfield code="a">(MnU)notisASQ9791</subfield>
    </datafield>
    <datafield tag="035" ind1=" " ind2=" ">
      <subfield code="9">CPJ9814TS</subfield>
    </datafield>
    <datafield tag="035" ind1=" " ind2=" ">
      <subfield code="a">2957421</subfield>
    </datafield>
    <datafield tag="035" ind1=" " ind2=" ">
      <subfield code="a">(NjP)2957421-princetondb</subfield>
    </datafield>
    <datafield tag="040" ind1=" " ind2=" ">
      <subfield code="a">CU</subfield>
      <subfield code="c">CU</subfield>
      <subfield code="d">CStRLIN</subfield>
    </datafield>
    <datafield tag="043" ind1=" " ind2=" ">
      <subfield code="a">s-bl---</subfield>
    </datafield>
    <datafield tag="100" ind1="1" ind2=" ">
      <subfield code="a">Ricci, Rudá.</subfield>
      <subfield code="0">http://id.loc.gov/authorities/names/nr93007867</subfield>
    </datafield>
    <datafield tag="245" ind1="1" ind2="0">
      <subfield code="a">Terra de ninguém :</subfield>
      <subfield code="b">representaç~ao sindical rural no Brasil /</subfield>
      <subfield code="c">Rudá Ricci.</subfield>
    </datafield>
    <datafield tag="260" ind1=" " ind2=" ">
      <subfield code="a">Campinas, SP, Brasil :</subfield>
      <subfield code="b">Editora da Unicamp,</subfield>
      <subfield code="c">1999.</subfield>
    </datafield>
    <datafield tag="300" ind1=" " ind2=" ">
      <subfield code="a">229 p. ;</subfield>
      <subfield code="c">21 cm.</subfield>
    </datafield>
    <datafield tag="490" ind1="1" ind2=" ">
      <subfield code="a">Coleç~ao Teses</subfield>
    </datafield>
    <datafield tag="504" ind1=" " ind2=" ">
      <subfield code="a">Includes bibliographical references (p. 215-225).</subfield>
    </datafield>
    <datafield tag="650" ind1=" " ind2="0">
      <subfield code="a">Agricultural laborers</subfield>
      <subfield code="x">Labor unions</subfield>
      <subfield code="z">Brazil.</subfield>
    </datafield>
    <datafield tag="650" ind1=" " ind2="0">
      <subfield code="a">Sociology, Rural</subfield>
      <subfield code="z">Brazil.</subfield>
    </datafield>
    <datafield tag="830" ind1=" " ind2="0">
      <subfield code="a">Teses (Editora da UNICAMP)</subfield>
    </datafield>
    <datafield tag="998" ind1=" " ind2=" ">
      <subfield code="s">9115</subfield>
    </datafield>
    <datafield tag="999" ind1=" " ind2=" ">
      <subfield code="a">2957421</subfield>
    </datafield>
    <datafield tag="902" ind1=" " ind2=" ">
      <subfield code="a">ss</subfield>
      <subfield code="b">m</subfield>
      <subfield code="6">a</subfield>
      <subfield code="7">m</subfield>
      <subfield code="d">v</subfield>
      <subfield code="f">1</subfield>
      <subfield code="e">20030728</subfield>
    </datafield>
    <datafield tag="950" ind1=" " ind2=" ">
      <subfield code="b">2020-12-02 09:24:25 US/Eastern</subfield>
      <subfield code="a">false</subfield>
    </datafield>
    <datafield tag="852" ind1="0" ind2=" ">
      <subfield code="b">recap</subfield>
      <subfield code="c">pa</subfield>
      <subfield code="h">HD6614.A29</subfield>
      <subfield code="i">R53 1999</subfield>
      <subfield code="8">22107564040006421</subfield>
    </datafield>
    <datafield tag="952" ind1=" " ind2=" ">
      <subfield code="a">2020-12-02 14:24:25</subfield>
      <subfield code="8">22107564040006421</subfield>
      <subfield code="b">ReCAP</subfield>
      <subfield code="c">rcppa: RECAP</subfield>
      <subfield code="e">false</subfield>
    </datafield>
    <datafield tag="876" ind1=" " ind2=" ">
      <subfield code="0">22107564040006421</subfield>
      <subfield code="a">23107564030006421</subfield>
      <subfield code="j">1</subfield>
      <subfield code="z">pa</subfield>
      <subfield code="d">2020-12-02 14:24:25</subfield>
      <subfield code="p">32101074808344</subfield>
      <subfield code="t">1</subfield>
      <subfield code="y">recap</subfield>
    </datafield>
  </record>