
  <record>
    <leader>00967cam a2200301 a 4500</leader>
    <controlfield tag="005">20200824142411.0</controlfield>
    <controlfield tag="008">990920s1999    enk      b    001 0 eng c</controlfield>
    <controlfield tag="001">9929574233506421</controlfield>
    <datafield tag="020" ind1=" " ind2=" ">
      <subfield code="a">1853835390 (paperback)</subfield>
      <subfield code="0">(uri) http://www.isbnsearch.org/isbn/1853835390</subfield>
    </datafield>
    <datafield tag="020" ind1=" " ind2=" ">
      <subfield code="a">1853835382 (hardback)</subfield>
      <subfield code="0">(uri) http://www.isbnsearch.org/isbn/1853835382</subfield>
    </datafield>
    <datafield tag="035" ind1=" " ind2=" ">
      <subfield code="a">(CStRLIN)ILCGHZ4068695-B</subfield>
    </datafield>
    <datafield tag="035" ind1=" " ind2=" ">
      <subfield code="a">(ICU)hz4068695</subfield>
    </datafield>
    <datafield tag="035" ind1=" " ind2=" ">
      <subfield code="9">CPJ9816TS</subfield>
    </datafield>
    <datafield tag="035" ind1=" " ind2=" ">
      <subfield code="a">2957423</subfield>
    </datafield>
    <datafield tag="035" ind1=" " ind2=" ">
      <subfield code="a">(NjP)2957423-princetondb</subfield>
    </datafield>
    <datafield tag="040" ind1=" " ind2=" ">
      <subfield code="a">NhCcYBP</subfield>
      <subfield code="c">NhCcYBP</subfield>
      <subfield code="d">CStRLIN</subfield>
      <subfield code="d">NjP</subfield>
    </datafield>
    <datafield tag="042" ind1=" " ind2=" ">
      <subfield code="a">pcc</subfield>
    </datafield>
    <datafield tag="043" ind1=" " ind2=" ">
      <subfield code="a">e-uk---</subfield>
    </datafield>
    <datafield tag="050" ind1=" " ind2="4">
      <subfield code="a">JN900</subfield>
      <subfield code="b">.R53 1999</subfield>
    </datafield>
    <datafield tag="082" ind1="0" ind2="4">
      <subfield code="a">320.9</subfield>
    </datafield>
    <datafield tag="245" ind1="0" ind2="0">
      <subfield code="a">Richer futures :</subfield>
      <subfield code="b">fashioning a new politics /</subfield>
      <subfield code="c">edited by Ken Worpole.</subfield>
    </datafield>
    <datafield tag="260" ind1=" " ind2=" ">
      <subfield code="a">London :</subfield>
      <subfield code="b">Earthscan,</subfield>
      <subfield code="c">1999.</subfield>
    </datafield>
    <datafield tag="300" ind1=" " ind2=" ">
      <subfield code="a">xiv, 194 p. ;</subfield>
      <subfield code="c">23 cm.</subfield>
    </datafield>
    <datafield tag="504" ind1=" " ind2=" ">
      <subfield code="a">Includes bibliographical references and index.</subfield>
    </datafield>
    <datafield tag="650" ind1=" " ind2="0">
      <subfield code="a">Political participation</subfield>
      <subfield code="z">Great Britain.</subfield>
      <subfield code="0">http://id.loc.gov/authorities/subjects/sh2008109625</subfield>
    </datafield>
    <datafield tag="700" ind1="1" ind2=" ">
      <subfield code="a">Worpole, Ken.</subfield>
      <subfield code="0">http://id.loc.gov/authorities/names/n83149102</subfield>
    </datafield>
    <datafield tag="948" ind1=" " ind2=" ">
      <subfield code="a">RK</subfield>
    </datafield>
    <datafield tag="911" ind1=" " ind2=" ">
      <subfield code="a">20000407</subfield>
    </datafield>
    <datafield tag="912" ind1=" " ind2=" ">
      <subfield code="a">20000414060904.0</subfield>
    </datafield>
    <datafield tag="950" ind1=" " ind2=" ">
      <subfield code="b">2020-12-02 09:24:20 US/Eastern</subfield>
      <subfield code="a">false</subfield>
    </datafield>
    <datafield tag="852" ind1="0" ind2="0">
      <subfield code="b">recap</subfield>
      <subfield code="c">pa</subfield>
      <subfield code="h">JN900</subfield>
      <subfield code="i">.R53 1999</subfield>
      <subfield code="8">22107530680006421</subfield>
    </datafield>
    <datafield tag="952" ind1=" " ind2=" ">
      <subfield code="a">2020-12-02 14:24:20</subfield>
      <subfield code="8">22107530680006421</subfield>
      <subfield code="b">ReCAP</subfield>
      <subfield code="c">rcppa: RECAP</subfield>
      <subfield code="e">false</subfield>
    </datafield>
    <datafield tag="876" ind1=" " ind2=" ">
      <subfield code="0">22107530680006421</subfield>
      <subfield code="a">23107530670006421</subfield>
      <subfield code="j">1</subfield>
      <subfield code="z">pa</subfield>
      <subfield code="d">2020-12-02 14:24:20</subfield>
      <subfield code="p">32101082772045</subfield>
      <subfield code="t">1</subfield>
      <subfield code="y">recap</subfield>
    </datafield>
  </record>
</collection>
